<?xml version="1.0" encoding="UTF-8"?><collection xmlns="http://www.loc.gov/MARC21/slim"><record><leader>00504nam--2200181-i-4500</leader><controlfield tag="001">000008416</controlfield><controlfield tag="002">20161230</controlfield><controlfield tag="005">20161230201027</controlfield><controlfield tag="008">060222s1000------------r-----000-0-eng-d</controlfield><datafield ind1=" " ind2=" " tag="040"><subfield code="a">IFIN-HH</subfield></datafield><datafield ind1=" " ind2=" " tag="080"><subfield code="a">539.172</subfield></datafield><datafield ind1="1" ind2=" " tag="100"><subfield code="a">Baton, J.P</subfield></datafield><datafield ind1="1" ind2="0" tag="245"><subfield code="a">Momentum transfers to the proton</subfield><subfield code="c">J.p. baton, g. laurens</subfield></datafield><datafield ind1=" " ind2=" " tag="260"><subfield code="a">Saclay, France</subfield><subfield code="b">Centre D'Etudes Nucleaires</subfield><subfield code="c">1968</subfield></datafield><datafield ind1=" " ind2=" " tag="300"><subfield code="a">24 P. + 27 P.FIG. + 5 P.TABELE</subfield></datafield><datafield ind1="1" ind2=" " tag="700"><subfield code="a">Laurens, G</subfield></datafield><datafield ind1=" " ind2=" " tag="852"><subfield code="a">26951</subfield><subfield code="c">539.17</subfield></datafield><datafield ind1=" " ind2=" " tag="CAT"><subfield code="a">Sys</subfield><subfield code="c">20120601</subfield><subfield code="h">102913</subfield></datafield></record></collection>